<?xml version="1.0" encoding="UTF-8"?><collection xmlns="http://www.loc.gov/MARC21/slim"><record><leader>00555nam--2200169-i-4500</leader><controlfield tag="001">000009000</controlfield><controlfield tag="002">20161230</controlfield><controlfield tag="005">20170114232243</controlfield><controlfield tag="008">060222s1000------------r-----000-0-eng-d</controlfield><datafield ind1=" " ind2=" " tag="080"><subfield code="a">681.31:621.313</subfield></datafield><datafield ind1=" " ind2=" " tag="100"><subfield code="a">Babutia, Ioan</subfield></datafield><datafield ind1=" " ind2=" " tag="245"><subfield code="a">Folosirea calculatoarelor numerice la stabili rea caracteristicilor nominale ale masinilor electrice</subfield></datafield><datafield ind1=" " ind2=" " tag="260"><subfield code="a">Bucuresti</subfield><subfield code="b">Cons.Nat.Al Ing.Si Tehn</subfield><subfield code="c">1969</subfield></datafield><datafield ind1=" " ind2=" " tag="300"><subfield code="a">7 p.+ 2pag. Bibl</subfield></datafield><datafield ind1=" " ind2=" " tag="490"><subfield code="a">A Doua Conferinta A Electricienilor.I.Sectia Masini Electrice</subfield></datafield><datafield ind1=" " ind2=" " tag="852"><subfield code="a">31576</subfield></datafield><datafield ind1=" " ind2=" " tag="CAT"><subfield code="a">SYS</subfield><subfield code="c">20170114</subfield><subfield code="h">232243</subfield></datafield></record></collection>